<?xml version="1.0" encoding="UTF-8"?><collection xmlns="http://www.loc.gov/MARC21/slim"><record><leader>00464nam--2200169-i-4500</leader><controlfield tag="001">000010697</controlfield><controlfield tag="002">20161230</controlfield><controlfield tag="005">20161230201028</controlfield><controlfield tag="008">060222s1000------------r-----000-0-eng-d</controlfield><datafield ind1=" " ind2=" " tag="040"><subfield code="a">IFIN-HH</subfield></datafield><datafield ind1=" " ind2=" " tag="080"><subfield code="a">535.1.14:535.417:681.3.06</subfield></datafield><datafield ind1="1" ind2=" " tag="100"><subfield code="a">Bell, Robert John</subfield></datafield><datafield ind1="1" ind2="0" tag="245"><subfield code="a">Introductory fourier transform spectroscopy</subfield><subfield code="c">Robert john bell</subfield></datafield><datafield ind1=" " ind2=" " tag="260"><subfield code="a">LONDON</subfield><subfield code="b">Academic Press</subfield><subfield code="c">1972</subfield></datafield><datafield ind1=" " ind2=" " tag="300"><subfield code="a">XVII+382 P</subfield></datafield><datafield ind1=" " ind2=" " tag="852"><subfield code="a">36656</subfield><subfield code="c">535</subfield></datafield><datafield ind1=" " ind2=" " tag="CAT"><subfield code="a">Sys</subfield><subfield code="c">20101102</subfield><subfield code="h">155239</subfield></datafield></record></collection>